
@article{Welch2004,
   Author = {Welch, Ivo},
   Title = {Capital structure and stock returns},
   Journal = {Journal of Political Economy},
   Volume = {112},
   Number = {1},
   Pages = {106-132},
   Year = {2004} }




@article{Rajan1995,
   Author = {Rajan, Raghuram G. and Zingales, Luigi},
   Title = {What do we know about capital structure? Some evidence from international data},
   Journal = {The journal of Finance},
   Volume = {50},
   Number = {5},
   Pages = {1421-1460},
   Year = {1995} }




@article{Myers1984,
   Author = {Myers and Stewart C. and Majluf and Nicholas S.},
   Title = {Corporate financing and investment decisions when firms have information that investors do not have},
   Journal = {Journal of financial economics},
   Volume = {13},
   Number = {2},
   Pages = {187-221},
   Year = {1984} }




@article{Harris1991,
   Author = {Harris and Milton and Raviv, Artur},
   Title = {The theory of capital structure},
   Journal = {the Journal of Finance},
   Volume = {46},
   Number = {1},
   Pages = {297-355},
   Year = {1991} }




@article{Frank2009,
   Author = {Frank and Murray Z. and Goyal and Vidhan K.},
   Title = {Capital structure decisions: which factors are reliably important?},
   Journal = {Financial Management},
   Volume = {38},
   Number = {1},
   Pages = {1-37},
   Year = {2009} }




@article{Frank2004,
   Author = {Frank and Murray Z. and Goyal and Vidhan K.},
   Title = {The effect of market conditions on capital structure adjustment},
   Journal = {Finance Research Letters},
   Volume = {1},
   Number = {1},
   Pages = {47-55},
   Year = {2004} }




@article{Bradley1984,
   Author = {Bradley and Michael and Jarrell and Gregg A. and Kim, E.},
   Title = {On the existence of an optimal capital structure: Theory and evidence},
   Journal = {The journal of Finance},
   Volume = {39},
   Number = {3},
   Pages = {857-878},
   Year = {1984} }




@article{Baker2002,
   Author = {Baker and Malcolm and Wurgler and Jeffrey},
   Title = {Market timing and capital structure},
   Journal = {The journal of finance},
   Volume = {57},
   Number = {1},
   Pages = {1-32},
   Year = {2002} }


@book{Barnett1994,
   Author = {Barnett, Vic and Lewis, Toby},
   Title = {Outliers in statistical data},
   Publisher = {Wiley New York},
   Volume = {3},
   Year = {1994} }

@article{DeAngelo2014,
   Author = {DeAngelo, Harry and Stulz, Rene M.},
   Title = {Liquid-Claim Production, Risk Management, and Bank Capital Structure: Why High Leverage is Optimal for Banks},
   Journal = {Risk Management, and Bank Capital Structure: Why High Leverage is Optimal for Banks (February 17, 2014). Fisher College of Business Working Paper},
   Number = {2013-03},
   Pages = {08},
   Year = {2014} }




