%% This BibTeX bibliography file was created using BibDesk.
%% http://bibdesk.sourceforge.net/


%% Created for 盛 浩 at 2015-04-09 19:44:25 +0300 


%% Saved with string encoding Unicode (UTF-8) 



@book{walkenbach2010excel,
	Author = {Walkenbach, John},
	Date-Added = {2015-04-09 16:44:21 +0000},
	Date-Modified = {2015-04-09 16:44:21 +0000},
	Publisher = {John Wiley \&amp; Sons},
	Title = {Excel VBA programming for dummies},
	Year = {2010}}

@book{jackson2006advanced,
	Author = {Jackson, Mary and Staunton, Mike},
	Date-Added = {2015-04-09 16:43:50 +0000},
	Date-Modified = {2015-04-09 16:43:50 +0000},
	Publisher = {John Wiley \&amp; Sons},
	Title = {Advanced modelling in finance using Excel and VBA},
	Volume = {394},
	Year = {2006}}

@book{urtis2013excel,
	Author = {Urtis, Tom},
	Date-Added = {2015-04-09 16:43:03 +0000},
	Date-Modified = {2015-04-09 16:43:03 +0000},
	Publisher = {John Wiley \&amp; Sons},
	Title = {Excel VBA 24-hour trainer},
	Year = {2013}}

@book{roman2002writing,
	Author = {Roman, Steven},
	Date-Added = {2015-04-09 16:40:07 +0000},
	Date-Modified = {2015-04-09 16:40:07 +0000},
	Publisher = {" O'Reilly Media, Inc."},
	Title = {Writing Excel Macros with VBA},
	Year = {2002}}
